2476 4604
431 278 444 291 ·
480 246 690 327 Forsmas.
984 245 1041 325 65·

99 356 364 505 torticias
382 416 625 520 ‚pacorus
650 408 903 491 flarmcos
931 412 1008 516 at

104 578 132 599 .,
186 524 283 601 A.S.'
303 522 345 596 &
370 523 413 595 L.
446 518 632 618 (Upsaliae.
665 519 770 617 1807.
798 515 949 589 Litteris
986 516 1011 588 J
1018 514 1084 588 oh.
1159 564 1161 571 ι

186 622 254 699 Fr.
272 621 465 697 'Edmam
491 622 562 693 8:0.
589 621 644 691 Ss.
675 616 730 691 16.
758 617 802 717 ¹⁰)

138 852 175 935 ¹⁰)
193 852 316 915 Initium
339 850 495 914 constituit
516 853 665 915 Actorum
687 846 866 912 instituti
894 847 1091 912 Linnaeeni

175 937 453 1021 Upealiensiecirca
464 940 588 999 Annum
611 935 686 997 1802
708 935 743 1011 (2)
764 955 782 993 a
803 934 923 994 Ceitmo
944 933 1089 995 Adamo

173 1018 464 1083 Aszeliofundati.
486 1021 666 1081 Dissertatio
676 1019 778 1079 haecce
789 1038 917 1099 perrara
927 1016 968 1076 ad
978 1017 1090 1079 festum

175 1102 318 1165 ueniere
332 1103 504 1163 Nativitatis
525 1102 668 1162 Linnaei
689 1103 778 1161 Anno
794 1097 869 1180 1807
891 1098 1025 1181 Upsaiioe
1041 1101 1092 1161 di·

177 1184 306 1247 cributa
327 1183 385 1243 suit
405 1205 466 1244 una
488 1205 559 1244 cum
571 1194 692 1245 moneta
704 1186 734 1243 in
747 1183 928 1245 memoriam
946 1182 1089 1243 Linnaei

132 1328 139 1349 ,
178 1267 218 1331 ob
234 1268 374 1329 Instituto
384 1268 548 1328 Linnaeano
569 1267 669 1348 quoad
680 1275 798 1348 partem
810 1260 928 1329 excusi.
949 1264 1092 1327 Continet

158 1386 161 1391 ·
177 1349 393 1431 descriptiones
414 1350 487 1410 Pooe
503 1363 627 1410 remotoe
647 1351 733 1409 Fors.
744 1347 829 1425 (Pooe
846 1346 991 1408 audeticoe
1011 1369 1091 1427 var„

166 1453 238 1495 'teo
258 1430 553 1511 Wahienbergii
574 1432 621 1493 Fi.
633 1431 695 1508 ὃν.)
705 1441 736 1491 et
756 1430 932 1492 Artemisia
952 1444 1094 1491 coarcta-

179 1529 218 1579 toe
238 1515 324 1576 Fors.
352 1515 536 1592 (Artemisio
556 1515 700 1598 volgaris
729 1518 761 1597 β.
790 1526 954 1576 coarctatae
983 1513 1097 1575 Hart-

181 1598 308 1661 menni
333 1595 444 1658 Scand.
465 1597 532 1673 lit).
576 1614 584 1643 '·

155 1730 161 1735 .
218 1681 367 1742 Actorum
391 1679 564 1738 instituti
590 1676 784 1739 Linnaeani
806 1679 1093 1759 sequentiatantum

179 1761 351 1843 fragmenta
372 1781 480 1822 excusa
500 1773 569 1823 suot
590 1773 621 1822 et
642 1761 776 1822 nondum
795 1760 893 1820 edita:
919 1761 1098 1842 rto=Pagina

182 1844 323 1921 titularis,
345 1845 396 1905 aeri
418 1846 529 1922 incisa,
550 1865 619 1905 cum
642 1845 746 1905 tituto:
779 1843 1007 1904 ”Linne’ska
1040 1844 1100 1904 In·

183 1928 364 1990 stitutets
385 1925 573 1989 Striftext
594 1937 625 1987 et
646 1929 727 1987 infra
737 1925 822 1987 adest
834 1937 945 1986 sertum
957 1947 994 1986 ex
1010 1928 1098 1986 Lin·
1206 1998 1209 2005 Δ

180 2031 256 2073 naea
287 2010 437 2087 boreajti
470 2011 624 2071 coloribus
654 2021 812 2085 ornatum3
834 2009 875 2070 ad
908 2010 985 2069 latus
1006 2008 1097 2088 hujus
1205 2012 1209 2021 '

181 2095 252 2156 terti
274 2092 387 2175 pendet
409 2095 508 2153 Tinea
529 2095 700 2153 Lt‘nnaeello
731 2094 822 2153 etiarn
857 2093 1003 2153 colorata.
1046 2107 1097 2152 230

182 2172 360 2238 Dissertatio
381 2197 398 2234 a
421 2176 615 2236 Forseiies
637 2176 809 2255 conscripta
830 2187 962 2257 etsrrpra
976 2195 1097 2235 memo-

183 2270 262 2337 rata,
284 2259 357 2340 quae'
372 2257 556 2340 incompleta
578 2270 630 2319 est.
673 2259 723 2319 3to
744 2260 867 2320 Tabula
889 2261 932 2318 lta
949 2259 1000 2318 aeri
1021 2258 1101 2316 inci-

181 2360 216 2405 ta
235 2343 268 2402 in
291 2341 374 2414 folio,
395 2339 504 2422 figuras
526 2341 671 2402 exhibens
693 2341 767 2402 Pooe
788 2356 911 2402 remotoe
933 2336 1012 2402 R&
1033 2338 1101 2399 Ar·

102 2450 105 2455 ·
183 2426 309 2487 tcmisioe
329 2437 492 2486 coarctatae
515 2423 551 2485 F.
592 2426 643 2500 420
663 2424 786 2484 Tabula
808 2424 866 2483 lita
884 2432 1102 2507 repraesentans

176 2507 342 2569 arborum
364 2526 477 2579 ramos,
497 2507 550 2589 qui
572 2507 648 2566 aiios
659 2506 723 2566 fere.
736 2518 971 2588 permeaveruot
983 2525 1102 2581 ramos;

118 2616 120 2621 ·
186 2609 253 2673 quae
274 2588 380 2650 tabula
401 2591 534 2669 pertinet
554 2589 593 2649 ad
616 2590 864 2657 Dissertationem
887 2611 905 2648 a
926 2589 1005 2650 ttoh.
1038 2589 1102 2649 Cu·

170 2668 335 2743 ¹biculario
356 2684 386 2733 et
398 2672 510 2753 Equite
521 2673 556 2732 L.
569 2672 606 2733 H.
627 2670 865 2752 Gyilenbaal
887 2673 1103 2753 conscriptam.
1208 2714 1211 2720 -

176 2758 179 2765 '
225 2753 870 2831 Heicflistoriamdabohujusinstituti
897 2755 1103 2831 Linnaeani‚

186 2830 343 2918 (patenae
364 2857 421 2918 ego
452 2836 575 2918 quidem
603 2837 750 2918 indagare
778 2838 867 2918 potui
897 2847 929 2897 et
957 2857 1038 2898 nunc
1069 2838 1104 2897 in

162 2982 166 2989 ,
188 2921 339 2981 memoria
360 2917 471 2979 habeo.
495 2984 498 2989 .

227 2999 361 3063 studiosi
393 3002 511 3083 piures,
543 2999 707 3062 Historiam
735 2998 915 3063 Naturaiem
954 2999 1102 3078 colentes,

186 3085 273 3146 circa
287 3084 407 3165 initium
419 3081 508 3164 hujus
521 3082 631 3145 Seculi
648 3083 829 3144 Societatem
842 3082 882 3143 ad
895 3082 976 3144 hanc
997 3081 1105 3153 Scien-

186 3167 265 3229 tiam
292 3165 531 3250 promovendam
564 3166 620 3228 sub
641 3167 765 3227 nomine
786 3166 993 3229 societatis
1022 3185 1108 3229 zoo-

171 3276 175 3293 =
215 3248 853 3334 hytolithicae(Zoophytoiithiska
875 3245 1108 3334 Stilakapet)

222 3333 325 3416 peaiiae
345 3335 547 3397 instituerunt.
588 3333 747 3415 Optabant
773 3333 843 3395 dein
871 3335 1032 3396 meliorem
1053 3355 1107 3393 or·

185 3417 409 3496 ganisatioaem
430 3414 556 3491 habere,
577 3418 781 3498 quamobrem
803 3418 900 3480 Celtrn
922 3416 1108 3478 Adamum

150 3548 154 3555 .
186 3496 344 3559 Maelio
352 3518 384 3557 m
406 3499 489 3559 circa
500 3499 624 3558 Annum
640 3499 715 3561 1802
726 3501 761 3579 (i)
774 3510 970 3582 rogaverunt,
982 3510 1017 3559 ut
1029 3518 1110 3580 prae-

191 3579 301 3642 sidium
323 3582 477 3663 acciperet
487 3590 518 3640 et
529 3584 719 3664 propoeitum
731 3592 938 3664 promoveret,
955 3584 1005 3641 cui
1015 3582 1111 3642 etiam

192 3662 344 3742 adsensit3
377 3676 449 3726 tunc
469 3682 582 3724 nomen
600 3666 762 3746 antiquum
791 3667 822 3725 in
845 3679 975 3725 novumt
999 3664 1126 3722 lustra

144 3760 148 3766 ’
190 3755 316 3810 tutum
342 3749 588 3812 Linnaeanum
615 3750 816 3810 commutavit
847 3745 994 3824 Societas,
1028 3743 1115 3826 cuiue

985 3823 1010 3903 5
